<record><leader>00000cas a2200000 a 4500</leader><controlfield tag="001">30309376</controlfield><controlfield tag="008">940421d18881993orucr ne      0    0eng c</controlfield><datafield ind1=" " ind2=" " tag="010"><subfield code="a">sn 96088233 </subfield></datafield><datafield ind1=" " ind2=" " tag="040"><subfield code="a">GFC</subfield><subfield code="b">eng</subfield><subfield code="c">GFC</subfield><subfield code="d">OCN</subfield><subfield code="d">OCL</subfield><subfield code="d">ORU</subfield><subfield code="d">OCLCQ</subfield><subfield code="d">ORU</subfield><subfield code="d">OCLCQ</subfield><subfield code="d">OCLCF</subfield><subfield code="d">OCLCO</subfield></datafield><datafield ind1="1" ind2=" " tag="029"><subfield code="a">AU@</subfield><subfield code="b">000013249754</subfield></datafield><datafield ind1=" " ind2=" " tag="042"><subfield code="a">pcc</subfield></datafield><datafield ind1=" " ind2=" " tag="043"><subfield code="a">n-us-or</subfield></datafield><datafield ind1="0" ind2="0" tag="245"><subfield code="a">Newberg graphic.</subfield></datafield><datafield ind1=" " ind2=" " tag="260"><subfield code="a">Newberg, Or. :</subfield><subfield code="b">Hiatt &amp; Hobson,</subfield><subfield code="c">-1993.</subfield></datafield><datafield ind1=" " ind2=" " tag="300"><subfield code="a">105 v. :</subfield><subfield code="b">ill. ;</subfield><subfield code="c">45 cm.</subfield></datafield><datafield ind1=" " ind2=" " tag="310"><subfield code="a">Semiweekly,</subfield><subfield code="b">Aug. 15, 1992-Dec. 1, 1993</subfield></datafield><datafield ind1=" " ind2=" " tag="321"><subfield code="a">Weekly,</subfield><subfield code="b">&lt;Dec. 22, 1888&gt;-Aug. 12, 1992</subfield></datafield><datafield ind1="1" ind2=" " tag="362"><subfield code="a">Began Dec. 8, 1888.</subfield></datafield><datafield ind1="0" ind2=" " tag="362"><subfield code="a">-v. 105, no. 44 (Dec. 1, 1993).</subfield></datafield><datafield ind1=" " ind2=" " tag="530"><subfield code="a">Also issued on microfilm from University of Oregon.</subfield></datafield><datafield ind1=" " ind2=" " tag="588"><subfield code="a">Description based on: Vol. 1, no. 3 (Dec. 22, 1888).</subfield></datafield><datafield ind1=" " ind2="0" tag="651"><subfield code="a">Newberg (Or.)</subfield><subfield code="v">Newspapers.</subfield></datafield><datafield ind1=" " ind2="7" tag="655"><subfield code="a">Newspapers.</subfield><subfield code="2">fast</subfield><subfield code="0">(OCoLC)fst01423814</subfield></datafield><datafield ind1=" " ind2="7" tag="651"><subfield code="a">Oregon</subfield><subfield code="z">Newberg.</subfield><subfield code="2">fast</subfield><subfield code="0">(OCoLC)fst01226306</subfield></datafield><datafield ind1=" " ind2=" " tag="752"><subfield code="a">United States</subfield><subfield code="b">Oregon</subfield><subfield code="c">Yamhill</subfield><subfield code="d">Newberg.</subfield></datafield><datafield ind1="0" ind2="5" tag="780"><subfield code="t">Newberg scribe</subfield><subfield code="w">(DLC)sn 96088225</subfield><subfield code="w">(OCoLC)36847014</subfield></datafield><datafield ind1="0" ind2="5" tag="780"><subfield code="t">Chehalem valley news</subfield><subfield code="g">1952</subfield><subfield code="w">(DLC)  2001260316</subfield><subfield code="w">(OCoLC)47773632</subfield></datafield><datafield ind1="0" ind2="0" tag="785"><subfield code="t">Graphic (Newberg, Or.)</subfield><subfield code="w">(DLC)sn 96088230</subfield><subfield code="w">(OCoLC)30309478</subfield></datafield></record>